<?xml version="1.0" encoding="UTF-8"?>
<record xmlns="http://www.loc.gov/MARC21/slim">
   <leader>01364cam a2200289 a 4500</leader>
   <controlfield tag="001">461922</controlfield>
   <controlfield tag="003">NjP</controlfield>
   <controlfield tag="005">20170905102828.0</controlfield>
   <controlfield tag="008">880817s1983    ir            00010 ara d</controlfield>
   <datafield tag="024" ind1="7" ind2=" ">
      <subfield code="a">princeton_aco004930</subfield>
      <subfield code="2">local</subfield>
   </datafield>
   <datafield ind1=" " ind2=" " tag="035">
      <subfield code="a">(OCoLC)22467380</subfield>
   </datafield>
   <datafield ind1=" " ind2=" " tag="035">
      <subfield code="a">(CStRLIN)NJPG88-B41475</subfield>
   </datafield>
   <datafield ind1=" " ind2=" " tag="035">
      <subfield code="9">ACD7575TS</subfield>
   </datafield>
   <datafield ind1=" " ind2=" " tag="035">
      <subfield code="a">461922</subfield>
   </datafield>
   <datafield ind1=" " ind2=" " tag="040">
      <subfield code="a">NjP</subfield>
      <subfield code="c">NjP</subfield>
   </datafield>
   <datafield ind1="1" ind2=" " tag="100">
      <subfield code="a">Ṭabāṭabāʼī, ʻAlī ibn Muḥammad,</subfield>
      <subfield code="d">1748-approximately 1816.</subfield>
      <subfield code="0">http://id.loc.gov/authorities/names/nr90001959</subfield>
   </datafield>
   <datafield ind1="1" ind2="0" tag="245">
      <subfield code="a">Riyāḍ al-masāʼil fī bayān al-aḥkām bi-al-dalāʼil /</subfield>
      <subfield code="c">taʼlīf ʻAlī al-Ṭabāṭabāʼī.</subfield>
   </datafield>
   <datafield ind1=" " ind2=" " tag="260">
      <subfield code="a">[Qum] :</subfield>
      <subfield code="b">Muʼassasat Āl al-Bayt,</subfield>
      <subfield code="c">[1404 [1983 or 1984]]</subfield>
   </datafield>
   <datafield ind1=" " ind2=" " tag="300">
      <subfield code="a">2 v. ;</subfield>
      <subfield code="c">35 cm.</subfield>
   </datafield>
   <datafield ind1=" " ind2=" " tag="500">
      <subfield code="a">Title page partially vocalized.</subfield>
   </datafield>
   <datafield ind1=" " ind2=" " tag="500">
      <subfield code="a">Annotations in the margins.</subfield>
   </datafield>
   <datafield ind1=" " ind2=" " tag="500">
      <subfield code="a">Commentary on Jaʻfar ibn al-Ḥasan Muḥaqqiq al-Ḥillī's work, al-Nāfiʻ fī mukhtaṣar al-sharāʼiʻ.</subfield>
   </datafield>
   <datafield ind1=" " ind2=" " tag="534">
      <subfield code="p">Reprint.</subfield>
   </datafield>
   <datafield ind1=" " ind2="0" tag="650">
      <subfield code="a">Islamic law</subfield>
      <subfield code="x">Interpretation and construction.</subfield>
      <subfield code="0">http://id.loc.gov/authorities/subjects/sh85068455</subfield>
   </datafield>
   <datafield ind1="1" ind2="0" tag="600">
      <subfield code="a">Muḥaqqiq al-Ḥillī, Jaʻfar ibn al-Ḥasan,</subfield>
      <subfield code="d">1205 or 1206-1277.</subfield>
      <subfield code="t">Nāfiʻ fī mukhtaṣar al-sharāʼiʻ.</subfield>
   </datafield>
   <datafield ind1=" " ind2=" " tag="998">
      <subfield code="a">02/20/90</subfield>
      <subfield code="s">9118</subfield>
      <subfield code="n">NjP</subfield>
      <subfield code="w">NJPG88B41475</subfield>
      <subfield code="d">08/17/88</subfield>
      <subfield code="c">JEB</subfield>
      <subfield code="b">JEB</subfield>
      <subfield code="i">900220</subfield>
      <subfield code="l">NJPG</subfield>
   </datafield>
   <datafield ind1=" " ind2=" " tag="911">
      <subfield code="a">19921028</subfield>
   </datafield>
   <datafield ind1=" " ind2=" " tag="912">
      <subfield code="a">19910104000000.0</subfield>
   </datafield>
   <datafield ind1="0" ind2="0" tag="852">
      <subfield code="0">502389</subfield>
      <subfield code="b">rcppa</subfield>
      <subfield code="t">1</subfield>
      <subfield code="c">Oversize</subfield>
      <subfield code="h">KBP370.M84</subfield>
      <subfield code="i">A36 1983q</subfield>
      <subfield code="x">tr fr nec</subfield>
   </datafield>
   <datafield ind1=" " ind2="0" tag="866">
      <subfield code="0">502389</subfield>
      <subfield code="a">juz' 1-juz' 2</subfield>
   </datafield>
   <datafield ind1=" " ind2="0" tag="866">
      <subfield code="0">502389</subfield>
      <subfield code="x">juz' 2 missing at the time of transfer to recap aj</subfield>
   </datafield>
   <datafield ind1=" " ind2=" " tag="959">
      <subfield code="a">2000-06-13 00:00:00 -0400</subfield>
   </datafield>
</record>
